@BOOK {Craig,
    author    = "John J. Craig",
    title     = "Introduction to Robotics Mechanics and Control",
    publisher = "Pearson education",
    year      = "2005",
    edition   = "third"
}
@misc{SkinCare,
    author    = "Military In Step",
    title     = "Caring for Skin",
    url       = "http://www.amputee-coalition.org/military-instep/caring-prosthetic-skin.html"
}
@misc{StrainInjuries,
    author    = "ACPOC",
    title     = "Repetitive Strain Injury in Upper Limbs",
    url       = "http://www.acpoc.org/index.php/membership/newsletters-journals/volume-20/number-1/repetitive-strain-injury-in-upper-limb-amputees"
}
@misc{weightControl,
    author    = "The War Amps",
    title     = "Healthy Living for amputees",
    url       = "https://www.waramps.ca/pdf/english-site/ways-we-help/health-and-well-being/healthy-living-upper.pdf"
}
@misc{I-limbUltra,
    author    = "I-Limb",
    title     = "I-Limb Ultra",
    url       = "http://www.touchbionics.com/sites/default/files/i-limb_ultra_user_manual_issue._2_final.pdf"
}
@misc{Be-bionic,
    author    = "Be-bionic",
    title     = "Be-Bionic technical information",
    url       = "http://bebionic.com/distributor/documents/bebionic3_technical_information_-_Lo_Res.pdf",
    note = {(Accessed on 09/23/2018)}
}
@misc{Eye,
    author    = "Digitaltrends",
    title     = "Death of the mouse: How eye-tracking technology could save the PC",
    url       = "https://www.digitaltrends.com/computing/death-of-the-mouse-how-eye-tracking-technology-could-save-the-pc/",
    note = {(Accessed on 09/28/2018)}
}

@misc{force,
    author    = "Björn Matthias",
    title     = "Collaborative Robots –Power and Force Limiting ",
    url       = "https://www.robotics.org/userAssets/riaUploads/file/7-Bjorn.pdf",
    note = {(Accessed on 10/26/2018)}
}

@misc{EyeTrack,
    author    = "Bryn Farnsworth, Ph.D.",
    title     = "What is Eye Tracking and How Does it Work?",
    url       = "https://imotions.com/blog/eye-tracking-work/",
    note = {(Accessed on 09/28/2018)}
}

@misc{Ryk,
    author    = "Ryk.dk",
    title     = "Rygmarves skader danmark",
    url       = "http://ryk.dk",
    note = "(Accessed on 09/23/2018)"
}

@misc{sEMG,
    author    = "Laxmi Shaw",
    title     = "Figure 1",
    url       = "https://www.researchgate.net/figure/Characteristics-of-EMG-signal_fig1_232905752",
    note = "(Accessed on 09/25/2018)"
}

@misc{mobilisering,
    author    = "Suzanne Forsyth Herling Nurse Birgitte Engstrøm Nurse",
    title     = "Mobilisering af patienter som har brækket halshvirvelsøjlen",
    url       = "dsr.dk/sygeplejersken/arkiv/sy-nr-2008-21/mobilisering-af-patienter-som-har-braekket-halshvirvelsoejlen",
    note = "(Accessed on 09/23/2018)"
}

@article{Stemcell,
    author    = "Rishi S Nandoe Tewarie MD  Andres Hurtado MD  Ronald H Bartels MD PhD Andre Grotenhuis MD PhD and Martin Oudega PhD" ,
    title     = "Stem Cell Based Therapies for Spinal Cord Injury" ,
    url       = "www.ncbi.nlm.nih.gov/pmc/articles/PMC2678281/",
    note = "(Accessed on 09/23/2018)"
}

@misc{Redundan25:online,
author = {},
title = {Redundancy resolution of a human arm for controlling a seven DOF wearable robotic system. - PubMed - NCBI},
howpublished = {\url{https://www.ncbi.nlm.nih.gov/pubmed/22255087}},
month = {},
year = {},
note = {(Accessed on 09/23/2018)}
}

%@article{JACO,
    author    = "Abilities.com" ,
    title     = "Product Spotlight: JACO Robotic Arm" ,
    url       = "https://www.abilities.com/community/buzz/64b-jaco.html"
    note = "(Accessed on 09/23/2018)"
}
@misc{Electrom76:online,
author = {},
title = {Electromyography - Wikipedia},
howpublished = {\url{https://en.wikipedia.org/wiki/Electromyography}},
month = {},
year = {},
note = {(Accessed on 09/23/2018)}
}
@misc{Nerveled75:online,
author = {},
title = {Nerveledningsundersøgelse og elektromyografi - Patienthåndbogen på sundhed.dk},
howpublished = {\url{https://www.sundhed.dk/borger/patienthaandbogen/undersoegelser/undersoegelser/neurofysiologi/nerveledningsundersoegelse/}},
month = {},
year = {},
note = {(Accessed on 09/23/2018)}
}

@misc{URsafety,
    author    = "Universal Robots",
    title     = "Safety Function Descriptions",
    url       = "https://www.universal-robots.com/media/1800058/ur-g3-safety-functions-20170509.pdf"
}
@misc{TDS,
    author    = "TheAllINeed.com",
    title     = "Tongue drive system revolutionizes assistive devices for disabled",
    url       = "http://www.theallineed.com/engineering/06082931.htm"
}
@misc{TDSp,
    author    = "Abby Vogel Robinson",
    title     = "tongue stud device uses ipod to drive wheelchair",
    url       = "https://www.futurity.org/tongue-stud-device-uses-ipod-to-drive-wheelchair/"
}
@misc{Jouse,
    author    = "Compusult",
    title     = "Jouse3",
    url       = "http://www.compusult.net/assistive-technology/our-at-products/jouse3"
}
@misc{Joystick,
    author    = "Gonzoo",
    title     = "Commadore64 joystick",
    url       = "http://www.sorethumbretrogames.com/media/catalog/product/cache/1/image/9df78eab33525d08d6e5fb8d27136e95/q/u/quickshot.jpg"
}
@misc{Snp,
    author    = "Origin Instruments Corporation",
    title     = "Sip/puff switch",
    url       = "http://www.orin.com/access/sip_puff/"
}

@misc{IMUWorki40:online,
author = {},
title = {IMU Working Principles | Technaid - Leading Motion},
howpublished = {\url{http://www.technaid.com/support/research/imu-working-principles/}},
month = {},
year = {},
note = {(Accessed on 27/09/2018)}
}
@misc{rksk,
author = { Marie Christiansen},
title = {Analyse af
hjælpemiddelområdet
Arm- og benproteser},
howpublished = {\url{https://www.rksk.dk/Edoc/Dagsordenspublicering/Social-\%20og\%20Sundhedsudvalget/2017-02-22\%2015.00/Dagsorden/Referat/Hjemmeside/2017-02-24\%2008.38.44/Attachments/1374927-1799129-1.pdf}},
month = {Dec},
year = {2016},
note = {(Accessed on 01/10/2018)}
}

@misc{aesthetic,
author = {Shava},
title = {aesthetic arm},
howpublished = {\url{https://www.sahva.dk/private/proteser/armproteser/\%C3\%A6stetiske-armproteser/}},
note = {(Accessed on 01/10/2018)}
}

@misc{AEP,
author = {Surgical},
title = {Above Elbow Prosthesis},
howpublished = {\url{https://5.imimg.com/data5/FQ/OM/MY-9690235/above-elbow-prosthesis-500x500.jpg}},
note = {(Accessed on 02/10/2018)}
}

@misc{isotrans,
author = {Karin Nyberg},
title = {What is a isolation transformer},
howpublished = {\url{http://www.einsten.net/11/2015/06/hvad-er-en-skilletransformer-.html}},
note = {(Accessed on 11/10/2018)}
}
@misc{TKS,
author = {TKS},
title = {Products},
howpublished = {\url{http://tks-technology.dk/index.php/products/}},
note = {(Accessed on 11/10/2018)}
}

@book{Nise,
auther={Norman S. Nise},
title={Nise's Control Systems Engineering}
}

@Article{Castellini2009,
author="Castellini, Claudio
and van der Smagt, Patrick",
title="Surface EMG in advanced hand prosthetics",
journal="Biological Cybernetics",
pages="35--47",
issn="1432-0770",
doi="10.1007/s00422-008-0278-1",
url="https://doi.org/10.1007/s00422-008-0278-1",
note = "(Accessed on 25/10/2018)"
}

@misc{RMS,
author = {Mathuranathan},
title = {Significance of RMS (Root Mean Square) value},
howpublished ={\url{https://www.gaussianwaves.com/2015/07/significance-of-rms-root-mean-square-value/}},
note = {(Accessed on 25/10/2018)}
}

@misc{EMGDATA,
author = {C.Sapsanis G.Georgoulas A.Tzes D.Lymberopoulos},
title = {Improving EMG based classification of basic hand movements using EMD.},
note = {in 35th Annual International Conference of the IEEE Engineering in Medicine and Biology Society 13 (EMBC 13), July 3-7, pp. 5754 - 5757, 2013.},
howpublished = {\url{https://archive.ics.uci.edu/ml/datasets/sEMG+for+Basic+Hand+movements#}},
note = {(Accessed on 25/10/2018)}
}
@misc{EMGHARD,
author = {Advancer technologies},
title = {Muscle Sensor v3},
howpublished = {\url{http://www.advancertechnologies.com/p/muscle-sensor-v3.html}},
note = {(Accessed on 28/10/2018)}
}
@misc{EMGSOLU,
author = {John Hansen},
title = {EMG solution},
howpublished = {\url{
https://www.moodle.aau.dk/pluginfile.php/1367369/mod_page/content/6/EMG\%20solution.pdf}},
note = {(Accessed on 28/10/2018)}
}

@misc{OttobockAB,
author = {Ottobock},
title = {Above-elbow},
howpublished = {\url{https://www.ottobockus.com/prosthetics/upper-limb-prosthetics/solution-overview/above-elbow-prosthesis-featuring-dynamicarm/}},
note = {(Accessed on 1/11/2018)}
}

@misc{OttobockM,
author = {Ottobock},
title = {Michelangelo hand},
howpublished = {\url{https://professionals.ottobockus.com/Prosthetics/Upper-Limb-Prosthetics/Michelangelo-Axon-Bus-System/Michelangelo-Hand-AxonHook/c/2001}},
note = {(Accessed on 1/11/2018)}
}

@misc{OttobockAX,
author = {Ottobock},
title = {Above-elbow},
howpublished = {\url{https://professionals.ottobockus.com/Prosthetics/Upper-Limb-Prosthetics/Michelangelo-Axon-Bus-System/Michelangelo-Hand-AxonHook/Axon-Bus-Prosthetic-System/p/8K5000}},
note = {(Accessed on 1/11/2018)}
}

@misc{Kinova,
author = {Kinova},
title = {Kinova},
howpublished = {\url{https://www.kinovarobotics.com/en/products/assistive-technologies/jaco-assistive-robotic-arm}},
note = {(Accessed on 06/11/2018)}
}

@misc{JACO,
author = {Kinova},
title = {Jaco - User Guide},
howpublished = {\url{https://www.kinovarobotics.com/sites/default/files/PS-PRA-JAC-UG-INT-EN\%20201804-1.0\%20\%28KINOVA\%20JACO\%E2\%84\%A2\%20Prosthetic\%20robotic\%20arm\%20user\%20guide\%29_0.pdf}},
note = {(Accessed on 1/11/2018)}
}
@BOOK{Control1DK,
  TITLE = {Automatisk kontol 1},
  AUTHOR = {Jens R. Jensen},
  YEAR = {1988},
  PUBLISHER = {Polyteknisk forlag},
  ISBN      = {87-502-0590-0}
}
@misc{Risetime76:online,
author = {},
title = {Rise time, settling time, and other step-response characteristics - MATLAB stepinfo - MathWorks Nordic},
howpublished = {\url{https://se.mathworks.com/help/control/ref/stepinfo.html}},
month = {},
year = {},
note = {(Accessed on 05/11/2018)}
}
@BOOK{ShaopingLN,
  TITLE = {Dynamics of robotic manipulators},
  AUTHOR = {Shaoping Bai},
  YEAR = {2018},
  PUBLISHER = {Aalborg University}
}
@misc{FilterBa67:online,
author = {},
title = {Filter Basics},
howpublished = {\url{http://www.dspguide.com/ch14/1.htm}},
month = {},
year = {},
note = {(Accessed on 07/11/2018)}
}
@misc{Nyquist,
author = {},
title = {What is Nyquist Theorem? - Definition from WhatIs.com},
howpublished = {\url{https://whatis.techtarget.com/definition/Nyquist-Theorem}},
month = {},
year = {},
note = {(Accessed on 07/11/2018)}
}


@misc{PIDPIC,
author = {Areej},
title = {What is a PID control action ?},
howpublished = {\url{https://automationforum.co/what-is-a-pid-control-action/}},
month = {},
year = {},
note = {(Accessed on 16/11/2018)}
}
@misc{SparkfunScematicEMG,
author = {},
title = {Muscle Sensor v3 - SEN-13027 - SparkFun Electronics},
howpublished = {\url{https://www.sparkfun.com/products/retired/13027}},
month = {},
year = {},
note = {(Accessed on 26/11/2018)}
}

@misc{Calculat82:online,
author = {},
title = {Calculate and verify checksums},
howpublished = {\url{https://www.digi.com/resources/documentation/Digidocs/90002002/Content/Tasks/t_calculate_checksum.htm?TocPath=API\%20Operation\%7CAPI\%20frame\%20format\%7C_____1}},
month = {},
year = {},
note = {(Accessed on 26/11/2018)}
}

@misc{PIDmxx,
author = {Robotis},
title = {E-manual Mx 64},
howpublished = {\url{http://support.robotis.com/en/product/actuator/dynamixel/mx_series/mx-64(2.0).htm}},
note = {(Accessed on 26/11/2018)}
}